<?xml version="1.0" encoding="UTF-8"?><record xmlns="http://www.loc.gov/MARC21/slim" xmlns:cinclude="http://apache.org/cocoon/include/1.0" xmlns:zs="http://www.loc.gov/zing/srw/">
  <leader>00370nz  a2200133n  4500</leader>
  <controlfield tag="001">n  94013178 </controlfield>
  <controlfield tag="003">DLC</controlfield>
  <controlfield tag="005">19940209105307.5</controlfield>
  <controlfield tag="008">940209n| acannaab|          |n aaa |||  </controlfield>
  <datafield tag="010" ind1=" " ind2=" ">
    <subfield code="a">n  94013178 </subfield>
  </datafield>
  <datafield tag="040" ind1=" " ind2=" ">
    <subfield code="a">DLC</subfield>
    <subfield code="c">DLC</subfield>
  </datafield>
  <datafield tag="100" ind1="1" ind2="0">
    <subfield code="a">B., Ioerg,</subfield>
    <subfield code="d">1953-</subfield>
  </datafield>
  <datafield tag="670" ind1=" " ind2=" ">
    <subfield code="a">Alida Fehring, 1984:</subfield>
    <subfield code="b">t.p. verso (Ioerg B.)</subfield>
  </datafield>
  <datafield tag="670" ind1=" " ind2=" ">
    <subfield code="a">Ioerg B., Tischdecken, 1976-1988, 1988?:</subfield>
    <subfield code="b">vita (b. 1953)</subfield>
  </datafield>
</record>